<?xml version="1.0" encoding="UTF-8"?><collection xmlns="http://www.loc.gov/MARC21/slim"><record><leader>00482nam--2200181-u-4500</leader><controlfield tag="001">000056846</controlfield><controlfield tag="002">20200910</controlfield><controlfield tag="005">20200910031125</controlfield><controlfield tag="008">200910s1000------------r-----000-0-eng-d</controlfield><datafield ind1=" " ind2=" " tag="040"><subfield code="a">IFIN-HH</subfield></datafield><datafield ind1="1" ind2=" " tag="041"><subfield code="a">eng</subfield></datafield><datafield ind1="1" ind2=" " tag="100"><subfield code="a">Sena, L.A</subfield></datafield><datafield ind1="1" ind2="0" tag="245"><subfield code="a">Units of Physical Quantities and their Dimensions</subfield><subfield code="c">L.A. Sena</subfield></datafield><datafield ind1=" " ind2=" " tag="260"><subfield code="a">Moscow</subfield><subfield code="b">Mir Publishers</subfield><subfield code="c">1972</subfield></datafield><datafield ind1=" " ind2=" " tag="300"><subfield code="a">296 p</subfield></datafield><datafield ind1=" " ind2=" " tag="500"><subfield code="a">Donatie Acad. Nicolae Vicroe Zamfir</subfield></datafield><datafield ind1="1" ind2=" " tag="852"><subfield code="a">82798</subfield><subfield code="c">N.V.Z</subfield></datafield><datafield ind1=" " ind2=" " tag="CAT"><subfield code="a">SYS</subfield><subfield code="c">20200910</subfield><subfield code="h">031125</subfield></datafield></record></collection>